%%% ====================================================================
%%%  BibTeX-file{
%%%     filename        = "sampleposter.bib",
%%%     version         = "1.0",
%%%     date            = "2006/04/25",
%%%     author          = "C.M. Connelly",
%%%     address         = "Department of Mathematics,
%%%                        Harvey Mudd College,
%%%                        1250 North Dartmouth Avenue,
%%%                        Claremont, CA  91711,
%%%                        USA",
%%%     telephone       = "909-621-8754",
%%%     FAX             = "909-621-8366",
%%%     email           = "cmc at math.hmc.edu (Internet)",
%%%     copyright       = "Public Domain.",
%%%     supported       = "no",
%%%     keywords        = "bibtex, bibliography, amslatex, ams-latex",
%%%     abstract        = "A file of BibTeX entries for use with the 
%%%                        HMC sample poster.",
%%%  }
%%% ====================================================================
 
@Book{chicago,
  editor =	 "{University of {C}hicago Press}",
  key =		 "Chicago",
  title =	 "The {Chicago} Manual of Style",
  publisher =	 "University of Chicago Press",
  address =	 "Chicago, IL",
  edition =	 "15th",
  pages =	 "xvii + 956",
  year =	 2003,
  ISBN =	 "0-226-104036",
  LCCN =	 "Z253 .U69 2003",
  price =	 "US\$55.00",
  annote =	 "The standard American work on typesetting style
                  etc. (CHe)",
  bibliography = "yes",
  glossary =	 "yes",
  history =	 "First edition, 1906, 12th edition 1969, 13th edition
                  1982, 14th edition 1993",
  index =	 "yes",
  inprint =	 "yes",
  keywords =	 "printing, practical style manuals, authorship
                  handbooks, authorship manuals",
  printermarks = "yes",
}

@Article{fear-booktab,
  author =	 "Fear, Simon",
  title =	 "Publication Quality Tables in {\LaTeX}",
  year =	 1997,
  month =	 "July",
  howpublished = "Electronically, accompanies the booktabs package.",
}

@Book{gratzer-mil,
  author =	 {{Gr\"{a}tzer}, George},
  title =	 {Math into {\LaTeX}},
  publisher =	 {Birkh\"{a}user},
  year =	 2000,
  address =	 "Boston",
}

@Misc{purrington-sciposters,
  author =	 {Colin Purrington},
  title =	 {Advice on Designing Scientific Posters},
  howpublished = {Online; viewed 2006 April 25.},
  month =	 {Apr},
  year =	 2006,
  annote =	 {An excellent overview of how to create a poster
                  for a scientific meeting.  Also includes
                  information on how to structure your presentation,
                  how to dress, and other good ideas to help you and
                  your poster be remembered.},
  URL =          {http://www.swarthmore.edu/NatSci/cpurrin1/posteradvice.htm},
}

@Misc{swarthmore-poster,
  author =	 {Colin Purrington},
  title =	 {Sample Scientific Poster},
  howpublished = {Online; viewed 2006 April 25.},
  month =	 {Apr},
  year =	 {2006},
  URL =          {http://www.swarthmore.edu/NatSci/cpurrin1/postertemplate.ppt},
  annote =	 {A PowerPoint template for a scientific poster,
                  with information about the sorts of things that
                  should and should not be included in such a
                  poster.},
}

